@report{wasm-spec-core,
  title = {{WebAssembly Core Specification}},
  version = {2.0},
  editor = {Rossberg, Andreas},
  date = {2022-04-19},
  institution = {{W3C}},
  url = {https://www.w3.org/TR/wasm-core-2/},
  langid = {english},
  note = {\url{https://webassembly.github.io/spec/core/_download/WebAssembly.pdf}}
}

@misc{wasm-proposals,
  title = {{WebAssembly Proposals}},
  url = {https://github.com/WebAssembly/proposals},
}

@misc{wasm-simd,
  title = {{SIMD proposal for WebAssembly}},
  url = {https://github.com/WebAssembly/simd},
}

@misc{wasm-relaxed-simd,
  title = {{Relaxed SIMD proposal for WebAssembly}},
  url = {https://github.com/WebAssembly/relaxed-simd},
}

@misc{hw-spec-wasm,
  title = {{HW-Specialized WebAssembly}},
  author = {Brown, Andrew},
  url = {https://github.com/WebAssembly/design/issues/1528},
}

@misc{acle,
  title = {{Arm C Language Extensions}},
  url = {https://arm-software.github.io/acle/}
}

@misc{arm-neon-sha,
  title = {{Arm Neon Intrinsics Reference: SHA1}},
  url = {https://arm-software.github.io/acle/neon_intrinsics/advsimd.html#sha1},
}

@misc{wasmtime,
  title = {{Wasmtime: A fast and secure runtime for WebAssembly}},
  url = {https://wasmtime.dev},
}

@misc{isle,
  title = {{ISLE: Instruction Selection Lowering Expressions}},
  url = {https://github.com/bytecodealliance/wasmtime/blob/main/cranelift/isle/docs/language-reference.md},
}

@inproceedings{aslp,
  author       = {Kait Lam and Nicholas Coughlin},
  editor       = {Alexander Nadel and
                  Kristin Yvonne Rozier},
  title        = {Lift-off: Trustworthy ARMv8 semantics from formal specifications},
  booktitle    = {Formal Methods in Computer-Aided Design, {FMCAD} 2023, Ames, IA, USA,
                  October 24-27, 2023},
  pages        = {274--283},
  publisher    = {{IEEE}},
  year         = {2023},
  url          = {https://doi.org/10.34727/2023/isbn.978-3-85448-060-0\_36},
  doi          = {10.34727/2023/ISBN.978-3-85448-060-0\_36},
}

@inproceedings{arm-machine-readable-spec,
  author={Reid, Alastair},
  booktitle={2016 Formal Methods in Computer-Aided Design (FMCAD)},
  title={Trustworthy specifications of ARMÂ® v8-A and v8-M system level architecture},
  year={2016},
  volume={},
  number={},
  pages={161-168},
  keywords={Program processors;Computer architecture;Registers;Encoding;Documentation;Testing;Syntactics},
  doi={10.1109/FMCAD.2016.7886675}
}
